@ONLINE {CSProgrammingGuide2017,
	author = "Maira Wenzel and Bill Wagner and Luke Latham and Ron Petrusha and Matt Hoffman and Mike B and Jimmy Beaudoin",
	title  = "C\# programming guide",
	month  = "05",
	year   = "2017",
	url    = "https://docs.microsoft.com/en-gb/dotnet/csharp/programming-guide/"
}

@ONLINE {DesignPatterns2007,
	author = "Alexander Shvets and Gerhard Frey and Marina Pavlova",
	title  = "Design Patterns",
	month  = "02",
	year   = "2007",
	url    = "https://sourcemaking.com/design_patterns"
}
@Article{Choi2010,
	author="Choi, Young-June
	and Prasad, Narayan
	and Rangarajan, Sampath",
	title="Intercell Radio Resource Management through Network Coordination for IMT-Advanced Systems",
	journal="EURASIP Journal on Wireless Communications and Networking",
	year="2010",
	month="07",
	day="26",
	volume="2010",
	number="1",
	pages="531347",
	abstract="In IMT-Advanced systems, a cross-layer approach coupling network coordination and radio resource managements enables mitigation of intercell interference and throughput improvement of cell-edge users. To facilitate coordination among base stations, we propose a new radio-resource management framework where cell-edge users and cell-interior users are separately managed by two different radio-resource managers. In the proposed framework, we address the issue of how to classify a user as cell-edge user or cell-interior user, and how much radio resource the cell-edge users may occupy. We present a solution where a user switches the user type so as to maximize overall network throughput subject to the condition that their own throughput does not decrease upon switching. We verify our solution using analysis and simulation experiments where two or three BSs are coordinated to support fractional frequency reuse or macrodiversity and demonstrate that our solution can guarantee superior cell-edge performance and achieve a high network throughput.",
	issn="1687-1499",
	doi="10.1155/2010/531347",
	url="https://doi.org/10.1155/2010/531347"
}
@ARTICLE{InterCellInterferenceCoordination6392819, 
	author="C. Kosta and B. Hunt and A. U. Quddus and R. Tafazolli", 
	journal="IEEE Communications Surveys Tutorials", 
	title="On Interference Avoidance Through Inter-Cell Interference Coordination (ICIC) Based on OFDMA Mobile Systems", 
	year="2013", 
	volume="15", 
	number="3", 
	pages="973-995", 
	keywords="frequency division multiple access;interference suppression;Long Term Evolution;optimisation;interference avoidance;intercell interference coordination;ICIC;OFDMA mobile systems;OFDMA air interface technology;mobile standards;wireless industry;frequency-time multiplexed systems;performance degradation;interference mitigation;optimization theory;3GPP LTE/LTE-A mobile networks;Interference;Mobile communication;Wireless communication;OFDM;Fading;Downlink;Indexes;LTE;LTE-Advanced;ICIC;Inter-cell resource allocation;Selective interference avoidance;Binary Optimization", 
	doi="10.1109/SURV.2012.121112.00037", 
	ISSN="1553-877X", 
	month="03"
}
@ONLINE {tutorialspoint2018,
	author = "tutorialspoint.com",
	title  = "LTE Network Architecture",
	month  = "05",
	year   = "2018",
	url    = "https://www.tutorialspoint.com/lte/lte_network_architecture.htm"
}
@INPROCEEDINGS{RBAlloc7577094, 
	author="S. Essassi and M. Siala and R. Hamila and M. O. Hasna and S. Cherif", 
	booktitle="2016 International Wireless Communications and Mobile Computing Conference (IWCMC)", 
	title="Power control and RB allocation for LTE uplink", 
	year="2016", 
	volume="", 
	number="", 
	pages="417-421", 
	keywords="3G mobile communication;frequency division multiple access;genetic algorithms;intercarrier interference;interference suppression;Long Term Evolution;power control;resource allocation;telecommunication control;LTE uplink;resource block allocation;RB allocation;3GPP standards;single carrier frequency division multiple access;SC-FDMA;uplink transmission;LTE networks;intercell interference mitigation;mobile stations;dynamic fractional power control;genetic algorithm;Resource management;Interference;Biological cells;Genetic algorithms;Long Term Evolution;Sociology;Statistics;Inter-Cell Interference Coordination (ICIC);X2 interface;Genetic Algorithm (GA);Resource Block (RB);Power Control", 
	doi="10.1109/IWCMC.2016.7577094", 
	ISSN="2376-6506", 
	month="09"
}
@ARTICLE{PacketScheduling6226795, 
	author="F. Capozzi and G. Piro and L. A. Grieco and G. Boggia and P. Camarda", 
	journal="IEEE Communications Surveys Tutorials", 
	title="Downlink Packet Scheduling in LTE Cellular Networks: Key Design Issues and a Survey", 
	year="2013", 
	volume="15", 
	number="2", 
	pages="678-700", 
	keywords="4G mobile communication;Long Term Evolution;packet radio networks;quality of service;scheduling;wireless channels;downlink packet scheduling;LTE cellular networks;key design issues;ubiquitous broadband access;mobile users;4G cellular networks;radio resource management procedures;Shannon limit;QoS requirements;channel condition;resource allocation algorithm;downlink channel;Downlink;Quality of service;OFDM;Resource management;Bandwidth;Scheduling algorithms;Time frequency analysis;Long Term Evolution;LTE;scheduling;Radio Resource Management;QoS;System-Level Simulation", 
	doi="10.1109/SURV.2012.060912.00100", 
	ISSN="1553-877X", 
	month="02",
}
@book{karandikar2017mobility,
	title="Mobility Management in LTE Heterogeneous Networks",
	author="Karandikar, A. and Akhtar, N. and Mehta, M.",
	isbn="9789811043550",
	url="https://books.google.co.uk/books?id=\_RgnDwAAQBAJ",
	year="2017",
	publisher="Springer Singapore"
}
@INPROCEEDINGS{RadioAdmissionControl5594566,
	author="R. Kwan and R. Arnott and M. Kubota",
	booktitle="2010 IEEE 72nd Vehicular Technology Conference - Fall",
	title="On Radio Admission Control for LTE Systems",
	year="2010",
	volume="",
	number="",
	pages="1-5",
	keywords="cellular radio;performance evaluation;quality of service;telecommunication congestion control;radio admission control;LTE system;wireless network;radio resource usage;quality of service;long-term evolution;LTE cellular network;resource utilisation;network performance;cell-edge blocking;Throughput;Admission control;Streaming media;Estimation;Radio access networks;Downlink",
	doi="10.1109/VETECF.2010.5594566",
	ISSN="1090-3038",
	month="09"
}
@article{RadioAdmissionControlPaolo,
	author = "Bojovic, Biljana and Baldo, Nicola and Dini, Paolo",
	year = "2012",
	month = "05",
	pages = "",
	title = "A Cognitive scheme for Radio Admission Control in LTE systems",
	doi = "10.1109/CIP.2012.6232936"
}
@INPROCEEDINGS{DRASwarmWthNetwork7250422,
	author="F. H. T. Vieira and B. H. P. Gon√ßalves and F. G. C. Rocha and L. L. Lee and M. V. G. Ferreira",
	booktitle="2015 IEEE 6th Latin American Symposium on Circuits Systems (LASCAS)",
	title="Dynamic resource allocation in LTE systems using an algorithm based on Particle Swarm Optimization and BMWM network traffic modeling",
	year="2015",
	volume="",
	number="",
	pages="1-4",
	keywords="bandwidth allocation;channel allocation;Long Term Evolution;particle swarm optimisation;quality of service;telecommunication traffic;wavelet transforms;PSO;bandwidth estimation;multifractal wavelet model;adaptive allocation algorithm;effective bandwidth theory;QoS;long term evolution;BMWM network traffic modeling;particle swarm optimization;LTE system;dynamic resource block allocation scheme;Bandwidth;Resource management;Adaptation models;Optimization;OFDM;Throughput;Quality of service;LTE;PSO;Multifractal;QoS",
	doi="10.1109/LASCAS.2015.7250422",
	ISSN="",
	month="02"
}
@INPROCEEDINGS{DRASwarm6388227,
	author="Lin Su and Ping Wang and Fuqiang Liu",
	booktitle="2012 18th Asia-Pacific Conference on Communications (APCC)",
	title="Particle swarm optimization based resource block allocation algorithm for downlink LTE systems",
	year="2012",
	volume="",
	number="",
	pages="970-974",
	keywords="Long Term Evolution;modulation coding;particle swarm optimisation;quality of service;radio links;resource allocation;particle swarm optimization;downlink LTE system;downlink Long Term Evolution system;system throughput;quality of service;modulation and coding scheme;MCS selection constraint;PSO based resource block allocation algorithm;particle position;particle velocity;fitness function;constraint handling;penalty function;QoS guarantee;PSO;QoS;MCS;Resource allocation;LTE",
	doi="10.1109/APCC.2012.6388227",
	ISSN="2163-0771",
	month="10"
}

@INPROCEEDINGS{DRAGuaranteedRA6085383,
	author="Na Guan and Y. Zhou and Lin Tian and Gang Sun and Jinglin Shi",
	booktitle="2011 IEEE 7th International Conference on Wireless and Mobile Computing, Networking and Communications (WiMob)",
	title="QoS guaranteed resource block allocation algorithm for LTE systems",
	year="2011",
	volume="",
	number="",
	pages="307-312",
	keywords="Long Term Evolution;OFDM modulation;quality of service;resource allocation;QoS guaranteed resource block allocation algorithm;LTE systems;OFDM systems;coding scheme;modulation scheme;scheduling block;SB;MCS;quality of service;Indexes;Mobile computing;Wireless communication;Throughput;Conferences",
	doi="10.1109/WiMOB.2011.6085383",
	ISSN="2160-4894",
	month="10"
	
}
@INPROCEEDINGS{DRAPacketScheduling6192856,
	author="R. Kausar and Y. Chen and K. K. Chai",
	booktitle="IET International Conference on Communication Technology and Application (ICCTA 2011)",
	title="QoS aware Packet Scheduling with adaptive resource allocation for OFDMA based LTE-advanced networks",
	year="2011",
	volume="",
	number="",
	pages="207-212",
	keywords="Long Term Evolution;OFDM modulation;quality of service;resource allocation;telecommunication traffic;QoS aware packet scheduling;adaptive resource allocation;OFDMA;LTE-advanced networks;cross layer design packet scheduling architecture;long term evolution-advanced down link transmission;service specific queue sorting algorithms;service level performance optimisation;adaptive time domain prioritising algorithm;network level performance optimisation;quality of service;streaming video traffic;packet drop rate;Long Term Evolution-Advanced (LTE-A);Packet Scheduling (PS);Quality of Service (QoS);OFDMA",
	doi="10.1049/cp.2011.0660",
	ISSN="",
	month="10"
}

